@misc{1,
    title={Text2Scene: Generating Compositional Scenes from Textual Descriptions},
    author={Fuwen Tan and Song Feng and Vicente Ordonez},
    year={2018},
    eprint={1809.01110},
    archivePrefix={arXiv},
    primaryClass={cs.CV}
}

@misc{2,
    title={Empirical evaluation of gated recurrent neural networks on sequence modeling},
    author={Junyoung Chung and Caglar Gulcehre and KyungHyun Cho and Yoshua Bengio},
    year={2014},
    eprint={1809.01110},
    archivePrefix={arXiv},
    primaryClass={cs.CV}
}

@misc{3,
    title={Illustrated Guide to LSTM’s and GRU’s: A step by step explanation},
    author={M. Nguyen},
    year={2018},
    eprint={1809.01110},
    archivePrefix={arXiv},
    primaryClass={cs.CV}
}

@misc{4,
    title={Every picture tells a story: Generating sentences from images. In European Conference on Computer Vision (ECCV)},
    author={Ali Farhadi and Mohsen Hejrati and Mohammad Amin Sadeghi and Peter Young and Cyrus Rashtchian and Julia Hockenmaier and David Forsyth},
    year={2010},
    eprint={1809.01110},
    archivePrefix={arXiv},
    primaryClass={cs.CV}
}

@misc{5,
    title={Nonparametric method for data-driven image captioning. In Annual Meeting of the Association for Computational Linguistics (ACL)},
    author={Rebecca Mason and Eugene Charniak},
    year={2014},
    eprint={1809.01110},
    archivePrefix={arXiv},
    primaryClass={cs.CV}
}

@misc{6,
    title={Learning what and where to draw. In Advances in Neural Information Processing Systems (NeurIPS)},
    author={Scott Reed and Zeynep Akata and Santosh Mohan and Samuel Tenka and Bernt Schiele and Honglak Lee},
    year={2016},
    eprint={1809.01110},
    archivePrefix={arXiv},
    primaryClass={cs.CV}
}

@misc{7,
    title={Generative adversarial text to image synthesis. In International Conference on Learning Representations (ICLR)},
    author={Scott E. Reed and Zeynep Akata and Xinchen Yan and Lajanugen Logeswaran and Bernt Schiele and Honglak Lee},
    year={2016},
    eprint={1809.01110},
    archivePrefix={arXiv},
    primaryClass={cs.CV}
}

@misc{8,
    title={Image generation from scene graphs. In IEEE Conference on Computer Vision and Pattern Recognition (CVPR)},
    author={Justin Johnson and Agrim Gupta and Li Fei-Fei},
    year={2018},
    eprint={1809.01110},
    archivePrefix={arXiv},
    primaryClass={cs.CV}
}

@misc{9,
    title={Inferring semantic layout for hierarchical textto-image synthesis. In IEEE Conference on Computer Vision and Pattern Recognition (CVPR)},
    author={Seunghoon Hong and Dingdong Yang and Jongwook Choi and Honglak Lee},
    year={2018},
    eprint={1809.01110},
    archivePrefix={arXiv},
    primaryClass={cs.CV}
}

@misc{10,
    title={Imagine this! scripts to compositions to videos. In European Conference on Computer Vision (ECCV)},
    author={Tanmay Gupta and Dustin Schwenk and Ali Farhadi and Derek Hoiem and Aniruddha Kembhavi},
    year={2018},
    eprint={1809.01110},
    archivePrefix={arXiv},
    primaryClass={cs.CV}
}

@misc{11,
    title={RESNEXT},
    author={Pytorch Team},
    year={},
    eprint={1809.01110},
    archivePrefix={arXiv},
    primaryClass={cs.CV}
}

@misc{12,
    title={Aggregated Residual Transformations for Deep Neural Networks},
    author={Saining Xie and Ross Girshick and Piotr Dollár and Zhuowen Tu and Kaiming He},
    year={2016},
    eprint={1809.01110},
    archivePrefix={arXiv},
    primaryClass={cs.CV}
}

@misc{13,
    title={TORCHVISION.MODELS},
    author={Torch Contributors},
    year={},
    eprint={1809.01110},
    archivePrefix={arXiv},
    primaryClass={cs.CV}
}